%YAML 1.1
%TAG !u! tag:unity3d.com,2011:
--- !u!29 &1
OcclusionCullingSettings:
  m_ObjectHideFlags: 0
  serializedVersion: 2
  m_OcclusionBakeSettings:
    smallestOccluder: 5
    smallestHole: 0.25
    backfaceThreshold: 100
  m_SceneGUID: 00000000000000000000000000000000
  m_OcclusionCullingData: {fileID: 0}
--- !u!104 &2
RenderSettings:
  m_ObjectHideFlags: 0
  serializedVersion: 9
  m_Fog: 0
  m_FogColor: {r: 0.5, g: 0.5, b: 0.5, a: 1}
  m_FogMode: 3
  m_FogDensity: 0.01
  m_LinearFogStart: 0
  m_LinearFogEnd: 300
  m_AmbientSkyColor: {r: 0.212, g: 0.227, b: 0.259, a: 1}
  m_AmbientEquatorColor: {r: 0.114, g: 0.125, b: 0.133, a: 1}
  m_AmbientGroundColor: {r: 0.047, g: 0.043, b: 0.035, a: 1}
  m_AmbientIntensity: 1
  m_AmbientMode: 3
  m_SubtractiveShadowColor: {r: 0.42, g: 0.478, b: 0.627, a: 1}
  m_SkyboxMaterial: {fileID: 0}
  m_HaloStrength: 0.5
  m_FlareStrength: 1
  m_FlareFadeSpeed: 3
  m_HaloTexture: {fileID: 0}
  m_SpotCookie: {fileID: 10001, guid: 0000000000000000e000000000000000, type: 0}
  m_DefaultReflectionMode: 0
  m_DefaultReflectionResolution: 128
  m_ReflectionBounces: 1
  m_ReflectionIntensity: 1
  m_CustomReflection: {fileID: 0}
  m_Sun: {fileID: 0}
  m_IndirectSpecularColor: {r: 0, g: 0, b: 0, a: 1}
  m_UseRadianceAmbientProbe: 0
--- !u!157 &3
LightmapSettings:
  m_ObjectHideFlags: 0
  serializedVersion: 12
  m_GIWorkflowMode: 1
  m_GISettings:
    serializedVersion: 2
    m_BounceScale: 1
    m_IndirectOutputScale: 1
    m_AlbedoBoost: 1
    m_EnvironmentLightingMode: 0
    m_EnableBakedLightmaps: 0
    m_EnableRealtimeLightmaps: 0
  m_LightmapEditorSettings:
    serializedVersion: 12
    m_Resolution: 2
    m_BakeResolution: 40
    m_AtlasSize: 1024
    m_AO: 0
    m_AOMaxDistance: 1
    m_CompAOExponent: 1
    m_CompAOExponentDirect: 0
    m_ExtractAmbientOcclusion: 0
    m_Padding: 2
    m_LightmapParameters: {fileID: 0}
    m_LightmapsBakeMode: 1
    m_TextureCompression: 1
    m_FinalGather: 0
    m_FinalGatherFiltering: 1
    m_FinalGatherRayCount: 256
    m_ReflectionCompression: 2
    m_MixedBakeMode: 2
    m_BakeBackend: 0
    m_PVRSampling: 1
    m_PVRDirectSampleCount: 32
    m_PVRSampleCount: 500
    m_PVRBounces: 2
    m_PVREnvironmentSampleCount: 500
    m_PVREnvironmentReferencePointCount: 2048
    m_PVRFilteringMode: 2
    m_PVRDenoiserTypeDirect: 0
    m_PVRDenoiserTypeIndirect: 0
    m_PVRDenoiserTypeAO: 0
    m_PVRFilterTypeDirect: 0
    m_PVRFilterTypeIndirect: 0
    m_PVRFilterTypeAO: 0
    m_PVREnvironmentMIS: 0
    m_PVRCulling: 1
    m_PVRFilteringGaussRadiusDirect: 1
    m_PVRFilteringGaussRadiusIndirect: 5
    m_PVRFilteringGaussRadiusAO: 2
    m_PVRFilteringAtrousPositionSigmaDirect: 0.5
    m_PVRFilteringAtrousPositionSigmaIndirect: 2
    m_PVRFilteringAtrousPositionSigmaAO: 1
    m_ExportTrainingData: 0
    m_TrainingDataDestination: TrainingData
    m_LightProbeSampleCountMultiplier: 4
  m_LightingDataAsset: {fileID: 0}
  m_LightingSettings: {fileID: 0}
--- !u!196 &4
NavMeshSettings:
  serializedVersion: 2
  m_ObjectHideFlags: 0
  m_BuildSettings:
    serializedVersion: 2
    agentTypeID: 0
    agentRadius: 0.5
    agentHeight: 2
    agentSlope: 45
    agentClimb: 0.4
    ledgeDropHeight: 0
    maxJumpAcrossDistance: 0
    minRegionArea: 2
    manualCellSize: 0
    cellSize: 0.16666667
    manualTileSize: 0
    tileSize: 256
    accuratePlacement: 0
    maxJobWorkers: 0
    preserveTilesOutsideBounds: 0
    debug:
      m_Flags: 0
  m_NavMeshData: {fileID: 0}
--- !u!1 &519420028
GameObject:
  m_ObjectHideFlags: 0
  m_CorrespondingSourceObject: {fileID: 0}
  m_PrefabInstance: {fileID: 0}
  m_PrefabAsset: {fileID: 0}
  serializedVersion: 6
  m_Component:
  - component: {fileID: 519420032}
  - component: {fileID: 519420031}
  - component: {fileID: 519420029}
  m_Layer: 0
  m_Name: Main Camera
  m_TagString: MainCamera
  m_Icon: {fileID: 0}
  m_NavMeshLayer: 0
  m_StaticEditorFlags: 0
  m_IsActive: 1
--- !u!81 &519420029
AudioListener:
  m_ObjectHideFlags: 0
  m_CorrespondingSourceObject: {fileID: 0}
  m_PrefabInstance: {fileID: 0}
  m_PrefabAsset: {fileID: 0}
  m_GameObject: {fileID: 519420028}
  m_Enabled: 1
--- !u!20 &519420031
Camera:
  m_ObjectHideFlags: 0
  m_CorrespondingSourceObject: {fileID: 0}
  m_PrefabInstance: {fileID: 0}
  m_PrefabAsset: {fileID: 0}
  m_GameObject: {fileID: 519420028}
  m_Enabled: 1
  serializedVersion: 2
  m_ClearFlags: 2
  m_BackGroundColor: {r: 0, g: 0, b: 0, a: 1}
  m_projectionMatrixMode: 1
  m_GateFitMode: 2
  m_FOVAxisMode: 0
  m_SensorSize: {x: 36, y: 24}
  m_LensShift: {x: 0, y: 0}
  m_FocalLength: 50
  m_NormalizedViewPortRect:
    serializedVersion: 2
    x: -0.15
    y: 0.01
    width: 3.09
    height: 1.02
  near clip plane: 0.3
  far clip plane: 1001.81
  field of view: 60
  orthographic: 1
  orthographic size: 1.1575162
  m_Depth: 0.87
  m_CullingMask:
    serializedVersion: 2
    m_Bits: 4294967295
  m_RenderingPath: -1
  m_TargetTexture: {fileID: 0}
  m_TargetDisplay: 0
  m_TargetEye: 0
  m_HDR: 1
  m_AllowMSAA: 0
  m_AllowDynamicResolution: 0
  m_ForceIntoRT: 0
  m_OcclusionCulling: 0
  m_StereoConvergence: 10
  m_StereoSeparation: 0.022
--- !u!4 &519420032
Transform:
  m_ObjectHideFlags: 0
  m_CorrespondingSourceObject: {fileID: 0}
  m_PrefabInstance: {fileID: 0}
  m_PrefabAsset: {fileID: 0}
  m_GameObject: {fileID: 519420028}
  m_LocalRotation: {x: -0, y: -0, z: -0, w: 1}
  m_LocalPosition: {x: 0, y: 0, z: -10}
  m_LocalScale: {x: 0, y: 0, z: 0}
  m_ConstrainProportionsScale: 0
  m_Children: []
  m_Father: {fileID: 0}
  m_RootOrder: 0
  m_LocalEulerAnglesHint: {x: 0, y: 0, z: 0}
--- !u!1 &921040698
GameObject:
  m_ObjectHideFlags: 0
  m_CorrespondingSourceObject: {fileID: 0}
  m_PrefabInstance: {fileID: 0}
  m_PrefabAsset: {fileID: 0}
  serializedVersion: 6
  m_Component:
  - component: {fileID: 921040700}
  - component: {fileID: 921040699}
  m_Layer: 0
  m_Name: GameManager
  m_TagString: Untagged
  m_Icon: {fileID: 0}
  m_NavMeshLayer: 0
  m_StaticEditorFlags: 0
  m_IsActive: 1
--- !u!114 &921040699
MonoBehaviour:
  m_ObjectHideFlags: 0
  m_CorrespondingSourceObject: {fileID: 0}
  m_PrefabInstance: {fileID: 0}
  m_PrefabAsset: {fileID: 0}
  m_GameObject: {fileID: 921040698}
  m_Enabled: 1
  m_EditorHideFlags: 0
  m_Script: {fileID: 11500000, guid: 125125e0fb523421997e368df549c840, type: 3}
  m_Name: 
  m_EditorClassIdentifier: 
  mapWidth: 5
  mapHeight: 5
  roomsToGenerate: 9
  roomPrefab: {fileID: 8797226049508820962, guid: 2b2b3a03b23f44812aa3166ff2456b27, type: 3}
--- !u!4 &921040700
Transform:
  m_ObjectHideFlags: 0
  m_CorrespondingSourceObject: {fileID: 0}
  m_PrefabInstance: {fileID: 0}
  m_PrefabAsset: {fileID: 0}
  m_GameObject: {fileID: 921040698}
  m_LocalRotation: {x: 0, y: 0, z: 0, w: 1}
  m_LocalPosition: {x: 1.1833996, y: 0.2183799, z: -9.988314}
  m_LocalScale: {x: 1, y: 1, z: 1}
  m_ConstrainProportionsScale: 0
  m_Children: []
  m_Father: {fileID: 0}
  m_RootOrder: 4
  m_LocalEulerAnglesHint: {x: 0, y: 0, z: 0}
--- !u!1 &1885865809
GameObject:
  m_ObjectHideFlags: 0
  m_CorrespondingSourceObject: {fileID: 0}
  m_PrefabInstance: {fileID: 0}
  m_PrefabAsset: {fileID: 0}
  serializedVersion: 6
  m_Component:
  - component: {fileID: 1885865813}
  - component: {fileID: 1885865812}
  - component: {fileID: 1885865811}
  - component: {fileID: 1885865810}
  m_Layer: 0
  m_Name: Chest
  m_TagString: Untagged
  m_Icon: {fileID: 0}
  m_NavMeshLayer: 0
  m_StaticEditorFlags: 0
  m_IsActive: 1
--- !u!50 &1885865810
Rigidbody2D:
  serializedVersion: 4
  m_ObjectHideFlags: 0
  m_CorrespondingSourceObject: {fileID: 0}
  m_PrefabInstance: {fileID: 0}
  m_PrefabAsset: {fileID: 0}
  m_GameObject: {fileID: 1885865809}
  m_BodyType: 1
  m_Simulated: 1
  m_UseFullKinematicContacts: 0
  m_UseAutoMass: 0
  m_Mass: 100
  m_LinearDrag: 0
  m_AngularDrag: 0.05
  m_GravityScale: 0
  m_Material: {fileID: 0}
  m_Interpolate: 0
  m_SleepingMode: 1
  m_CollisionDetection: 0
  m_Constraints: 0
--- !u!61 &1885865811
BoxCollider2D:
  m_ObjectHideFlags: 0
  m_CorrespondingSourceObject: {fileID: 0}
  m_PrefabInstance: {fileID: 0}
  m_PrefabAsset: {fileID: 0}
  m_GameObject: {fileID: 1885865809}
  m_Enabled: 1
  m_Density: 1
  m_Material: {fileID: 0}
  m_IsTrigger: 0
  m_UsedByEffector: 0
  m_UsedByComposite: 0
  m_Offset: {x: -0.08, y: 0.08}
  m_SpriteTilingProperty:
    border: {x: 0, y: 0, z: 0, w: 0}
    pivot: {x: 1, y: 0}
    oldSize: {x: 0.16, y: 0.16}
    newSize: {x: 0.16, y: 0.16}
    adaptiveTilingThreshold: 0.5
    drawMode: 0
    adaptiveTiling: 0
  m_AutoTiling: 0
  serializedVersion: 2
  m_Size: {x: 0.16, y: 0.16}
  m_EdgeRadius: 0
--- !u!212 &1885865812
SpriteRenderer:
  m_ObjectHideFlags: 0
  m_CorrespondingSourceObject: {fileID: 0}
  m_PrefabInstance: {fileID: 0}
  m_PrefabAsset: {fileID: 0}
  m_GameObject: {fileID: 1885865809}
  m_Enabled: 1
  m_CastShadows: 0
  m_ReceiveShadows: 0
  m_DynamicOccludee: 1
  m_StaticShadowCaster: 0
  m_MotionVectors: 1
  m_LightProbeUsage: 1
  m_ReflectionProbeUsage: 1
  m_RayTracingMode: 0
  m_RayTraceProcedural: 0
  m_RenderingLayerMask: 1
  m_RendererPriority: 0
  m_Materials:
  - {fileID: 10754, guid: 0000000000000000f000000000000000, type: 0}
  m_StaticBatchInfo:
    firstSubMesh: 0
    subMeshCount: 0
  m_StaticBatchRoot: {fileID: 0}
  m_ProbeAnchor: {fileID: 0}
  m_LightProbeVolumeOverride: {fileID: 0}
  m_ScaleInLightmap: 1
  m_ReceiveGI: 1
  m_PreserveUVs: 0
  m_IgnoreNormalsForChartDetection: 0
  m_ImportantGI: 0
  m_StitchLightmapSeams: 1
  m_SelectedEditorRenderState: 0
  m_MinimumChartSize: 4
  m_AutoUVMaxDistance: 0.5
  m_AutoUVMaxAngle: 89
  m_LightmapParameters: {fileID: 0}
  m_SortingLayerID: -1859462943
  m_SortingLayer: 3
  m_SortingOrder: 0
  m_Sprite: {fileID: 1443116769, guid: a11fd2651ee514116bac7081d268de98, type: 3}
  m_Color: {r: 1, g: 1, b: 1, a: 1}
  m_FlipX: 0
  m_FlipY: 0
  m_DrawMode: 0
  m_Size: {x: 0.16, y: 0.16}
  m_AdaptiveModeThreshold: 0.5
  m_SpriteTileMode: 0
  m_WasSpriteAssigned: 1
  m_MaskInteraction: 0
  m_SpriteSortPoint: 0
--- !u!4 &1885865813
Transform:
  m_ObjectHideFlags: 0
  m_CorrespondingSourceObject: {fileID: 0}
  m_PrefabInstance: {fileID: 0}
  m_PrefabAsset: {fileID: 0}
  m_GameObject: {fileID: 1885865809}
  m_LocalRotation: {x: 0, y: 0, z: 0, w: 1}
  m_LocalPosition: {x: -0.282, y: 0.003, z: 0}
  m_LocalScale: {x: 0.41002044, y: 0.41002044, z: 0.41002044}
  m_ConstrainProportionsScale: 0
  m_Children: []
  m_Father: {fileID: 0}
  m_RootOrder: 2
  m_LocalEulerAnglesHint: {x: 0, y: 0, z: 0}
--- !u!1001 &1320796464559630319
PrefabInstance:
  m_ObjectHideFlags: 0
  serializedVersion: 2
  m_Modification:
    m_TransformParent: {fileID: 0}
    m_Modifications:
    - target: {fileID: 1320796463779143404, guid: c8bf2597faa254d548445a9ee932bcfd, type: 3}
      propertyPath: m_LocalScale.x
      value: 0.96550626
      objectReference: {fileID: 0}
    - target: {fileID: 1320796463779143404, guid: c8bf2597faa254d548445a9ee932bcfd, type: 3}
      propertyPath: m_LocalScale.y
      value: 0.96550626
      objectReference: {fileID: 0}
    - target: {fileID: 1320796463779143404, guid: c8bf2597faa254d548445a9ee932bcfd, type: 3}
      propertyPath: m_LocalScale.z
      value: 0.96550626
      objectReference: {fileID: 0}
    - target: {fileID: 1320796463779143406, guid: c8bf2597faa254d548445a9ee932bcfd, type: 3}
      propertyPath: m_Name
      value: Player Sprite
      objectReference: {fileID: 0}
    - target: {fileID: 1320796463844552490, guid: c8bf2597faa254d548445a9ee932bcfd, type: 3}
      propertyPath: m_RootOrder
      value: 1
      objectReference: {fileID: 0}
    - target: {fileID: 1320796463844552490, guid: c8bf2597faa254d548445a9ee932bcfd, type: 3}
      propertyPath: m_LocalPosition.x
      value: 0.058
      objectReference: {fileID: 0}
    - target: {fileID: 1320796463844552490, guid: c8bf2597faa254d548445a9ee932bcfd, type: 3}
      propertyPath: m_LocalPosition.y
      value: -0.051
      objectReference: {fileID: 0}
    - target: {fileID: 1320796463844552490, guid: c8bf2597faa254d548445a9ee932bcfd, type: 3}
      propertyPath: m_LocalPosition.z
      value: 0
      objectReference: {fileID: 0}
    - target: {fileID: 1320796463844552490, guid: c8bf2597faa254d548445a9ee932bcfd, type: 3}
      propertyPath: m_LocalRotation.w
      value: 1
      objectReference: {fileID: 0}
    - target: {fileID: 1320796463844552490, guid: c8bf2597faa254d548445a9ee932bcfd, type: 3}
      propertyPath: m_LocalRotation.x
      value: 0
      objectReference: {fileID: 0}
    - target: {fileID: 1320796463844552490, guid: c8bf2597faa254d548445a9ee932bcfd, type: 3}
      propertyPath: m_LocalRotation.y
      value: 0
      objectReference: {fileID: 0}
    - target: {fileID: 1320796463844552490, guid: c8bf2597faa254d548445a9ee932bcfd, type: 3}
      propertyPath: m_LocalRotation.z
      value: 0
      objectReference: {fileID: 0}
    - target: {fileID: 1320796463844552490, guid: c8bf2597faa254d548445a9ee932bcfd, type: 3}
      propertyPath: m_LocalEulerAnglesHint.x
      value: 0
      objectReference: {fileID: 0}
    - target: {fileID: 1320796463844552490, guid: c8bf2597faa254d548445a9ee932bcfd, type: 3}
      propertyPath: m_LocalEulerAnglesHint.y
      value: 0
      objectReference: {fileID: 0}
    - target: {fileID: 1320796463844552490, guid: c8bf2597faa254d548445a9ee932bcfd, type: 3}
      propertyPath: m_LocalEulerAnglesHint.z
      value: 0
      objectReference: {fileID: 0}
    - target: {fileID: 1320796463844552493, guid: c8bf2597faa254d548445a9ee932bcfd, type: 3}
      propertyPath: curHP
      value: 10
      objectReference: {fileID: 0}
    - target: {fileID: 1320796463844552493, guid: c8bf2597faa254d548445a9ee932bcfd, type: 3}
      propertyPath: maxHP
      value: 10
      objectReference: {fileID: 0}
    - target: {fileID: 1320796463844552493, guid: c8bf2597faa254d548445a9ee932bcfd, type: 3}
      propertyPath: hazKey
      value: 0
      objectReference: {fileID: 0}
    - target: {fileID: 1320796463844552493, guid: c8bf2597faa254d548445a9ee932bcfd, type: 3}
      propertyPath: spriteRender
      value: 
      objectReference: {fileID: 1320796464559630323}
    - target: {fileID: 1320796463844552493, guid: c8bf2597faa254d548445a9ee932bcfd, type: 3}
      propertyPath: moveLayerMask.m_Bits
      value: 384
      objectReference: {fileID: 0}
    - target: {fileID: 1320796463844552494, guid: c8bf2597faa254d548445a9ee932bcfd, type: 3}
      propertyPath: m_Name
      value: Player
      objectReference: {fileID: 0}
    m_RemovedComponents: []
  m_SourcePrefab: {fileID: 100100000, guid: c8bf2597faa254d548445a9ee932bcfd, type: 3}
--- !u!1 &1320796464559630320 stripped
GameObject:
  m_CorrespondingSourceObject: {fileID: 1320796463844552494, guid: c8bf2597faa254d548445a9ee932bcfd, type: 3}
  m_PrefabInstance: {fileID: 1320796464559630319}
  m_PrefabAsset: {fileID: 0}
--- !u!114 &1320796464559630321
MonoBehaviour:
  m_ObjectHideFlags: 0
  m_CorrespondingSourceObject: {fileID: 0}
  m_PrefabInstance: {fileID: 0}
  m_PrefabAsset: {fileID: 0}
  m_GameObject: {fileID: 1320796464559630320}
  m_Enabled: 1
  m_EditorHideFlags: 0
  m_Script: {fileID: 11500000, guid: 62899f850307741f2a39c98a8b639597, type: 3}
  m_Name: 
  m_EditorClassIdentifier: 
  m_Actions: {fileID: -944628639613478452, guid: b8be49dc4045c4c96a8c25b063b8ec65, type: 3}
  m_NotificationBehavior: 2
  m_UIInputModule: {fileID: 0}
  m_DeviceLostEvent:
    m_PersistentCalls:
      m_Calls: []
  m_DeviceRegainedEvent:
    m_PersistentCalls:
      m_Calls: []
  m_ControlsChangedEvent:
    m_PersistentCalls:
      m_Calls: []
  m_ActionEvents:
  - m_PersistentCalls:
      m_Calls:
      - m_Target: {fileID: 1320796464559630322}
        m_TargetAssemblyTypeName: PlayerController2D, Assembly-CSharp
        m_MethodName: OnMoveUp
        m_Mode: 0
        m_Arguments:
          m_ObjectArgument: {fileID: 0}
          m_ObjectArgumentAssemblyTypeName: UnityEngine.Object, UnityEngine
          m_IntArgument: 0
          m_FloatArgument: 0
          m_StringArgument: 
          m_BoolArgument: 0
        m_CallState: 2
    m_ActionId: 2bf783f8-4155-4ce6-821d-4443329d4596
    m_ActionName: Main/Move up[/Keyboard/w]
  - m_PersistentCalls:
      m_Calls:
      - m_Target: {fileID: 1320796464559630322}
        m_TargetAssemblyTypeName: PlayerController2D, Assembly-CSharp
        m_MethodName: OnMoveDown
        m_Mode: 0
        m_Arguments:
          m_ObjectArgument: {fileID: 0}
          m_ObjectArgumentAssemblyTypeName: UnityEngine.Object, UnityEngine
          m_IntArgument: 0
          m_FloatArgument: 0
          m_StringArgument: 
          m_BoolArgument: 0
        m_CallState: 2
    m_ActionId: 2ac7870b-0582-459a-aa2e-7874cd105e8e
    m_ActionName: Main/Move down[/Keyboard/s]
  - m_PersistentCalls:
      m_Calls:
      - m_Target: {fileID: 1320796464559630322}
        m_TargetAssemblyTypeName: PlayerController2D, Assembly-CSharp
        m_MethodName: OnMoveLeft
        m_Mode: 0
        m_Arguments:
          m_ObjectArgument: {fileID: 0}
          m_ObjectArgumentAssemblyTypeName: UnityEngine.Object, UnityEngine
          m_IntArgument: 0
          m_FloatArgument: 0
          m_StringArgument: 
          m_BoolArgument: 0
        m_CallState: 2
    m_ActionId: c911067a-f472-490d-a568-8a2acb29cff9
    m_ActionName: Main/Move left[/Keyboard/a]
  - m_PersistentCalls:
      m_Calls:
      - m_Target: {fileID: 1320796464559630322}
        m_TargetAssemblyTypeName: PlayerController2D, Assembly-CSharp
        m_MethodName: OnMoveRight
        m_Mode: 0
        m_Arguments:
          m_ObjectArgument: {fileID: 0}
          m_ObjectArgumentAssemblyTypeName: UnityEngine.Object, UnityEngine
          m_IntArgument: 0
          m_FloatArgument: 0
          m_StringArgument: 
          m_BoolArgument: 0
        m_CallState: 2
    m_ActionId: 76416e62-1d0f-4a86-ae98-ec11f4b751e6
    m_ActionName: Main/Move right[/Keyboard/d]
  - m_PersistentCalls:
      m_Calls:
      - m_Target: {fileID: 1320796464559630322}
        m_TargetAssemblyTypeName: PlayerController2D, Assembly-CSharp
        m_MethodName: OnAttackUp
        m_Mode: 0
        m_Arguments:
          m_ObjectArgument: {fileID: 0}
          m_ObjectArgumentAssemblyTypeName: UnityEngine.Object, UnityEngine
          m_IntArgument: 0
          m_FloatArgument: 0
          m_StringArgument: 
          m_BoolArgument: 0
        m_CallState: 2
    m_ActionId: 0dac8d51-6019-4b8b-ad6d-9d7f772c0328
    m_ActionName: Main/Attack Up[/Keyboard/upArrow]
  - m_PersistentCalls:
      m_Calls:
      - m_Target: {fileID: 1320796464559630322}
        m_TargetAssemblyTypeName: PlayerController2D, Assembly-CSharp
        m_MethodName: OnAttackDown
        m_Mode: 0
        m_Arguments:
          m_ObjectArgument: {fileID: 0}
          m_ObjectArgumentAssemblyTypeName: UnityEngine.Object, UnityEngine
          m_IntArgument: 0
          m_FloatArgument: 0
          m_StringArgument: 
          m_BoolArgument: 0
        m_CallState: 2
    m_ActionId: 337c4381-ad53-4b51-b5be-2e69f6e83baf
    m_ActionName: Main/Attack down[/Keyboard/downArrow]
  - m_PersistentCalls:
      m_Calls:
      - m_Target: {fileID: 1320796464559630322}
        m_TargetAssemblyTypeName: PlayerController2D, Assembly-CSharp
        m_MethodName: OnAttackLeft
        m_Mode: 0
        m_Arguments:
          m_ObjectArgument: {fileID: 0}
          m_ObjectArgumentAssemblyTypeName: UnityEngine.Object, UnityEngine
          m_IntArgument: 0
          m_FloatArgument: 0
          m_StringArgument: 
          m_BoolArgument: 0
        m_CallState: 2
    m_ActionId: 2bcb80b0-bacf-4903-92a8-6809916662b8
    m_ActionName: Main/Attack Left[/Keyboard/leftArrow]
  - m_PersistentCalls:
      m_Calls:
      - m_Target: {fileID: 1320796464559630322}
        m_TargetAssemblyTypeName: PlayerController2D, Assembly-CSharp
        m_MethodName: OnAtackRight
        m_Mode: 0
        m_Arguments:
          m_ObjectArgument: {fileID: 0}
          m_ObjectArgumentAssemblyTypeName: UnityEngine.Object, UnityEngine
          m_IntArgument: 0
          m_FloatArgument: 0
          m_StringArgument: 
          m_BoolArgument: 0
        m_CallState: 2
    m_ActionId: aa1cb1af-b8f9-4a6e-9f37-6b7d4b4623ec
    m_ActionName: Main/Attack Right[/Keyboard/rightArrow]
  m_NeverAutoSwitchControlSchemes: 0
  m_DefaultControlScheme: 
  m_DefaultActionMap: Main
  m_SplitScreenIndex: -1
  m_Camera: {fileID: 0}
--- !u!114 &1320796464559630322 stripped
MonoBehaviour:
  m_CorrespondingSourceObject: {fileID: 1320796463844552493, guid: c8bf2597faa254d548445a9ee932bcfd, type: 3}
  m_PrefabInstance: {fileID: 1320796464559630319}
  m_PrefabAsset: {fileID: 0}
  m_GameObject: {fileID: 1320796464559630320}
  m_Enabled: 1
  m_EditorHideFlags: 0
  m_Script: {fileID: 11500000, guid: 4b13164520ca44da1a3b470bcc137e97, type: 3}
  m_Name: 
  m_EditorClassIdentifier: 
--- !u!212 &1320796464559630323 stripped
SpriteRenderer:
  m_CorrespondingSourceObject: {fileID: 1320796463779143405, guid: c8bf2597faa254d548445a9ee932bcfd, type: 3}
  m_PrefabInstance: {fileID: 1320796464559630319}
  m_PrefabAsset: {fileID: 0}
--- !u!1001 &3327021730403115915
PrefabInstance:
  m_ObjectHideFlags: 0
  serializedVersion: 2
  m_Modification:
    m_TransformParent: {fileID: 0}
    m_Modifications:
    - target: {fileID: 3327021728885829489, guid: f1f2baa8956bf44c5b3014d9c08fab54, type: 3}
      propertyPath: m_RootOrder
      value: 3
      objectReference: {fileID: 0}
    - target: {fileID: 3327021728885829489, guid: f1f2baa8956bf44c5b3014d9c08fab54, type: 3}
      propertyPath: m_LocalPosition.x
      value: -0.84519625
      objectReference: {fileID: 0}
    - target: {fileID: 3327021728885829489, guid: f1f2baa8956bf44c5b3014d9c08fab54, type: 3}
      propertyPath: m_LocalPosition.y
      value: -0.021823507
      objectReference: {fileID: 0}
    - target: {fileID: 3327021728885829489, guid: f1f2baa8956bf44c5b3014d9c08fab54, type: 3}
      propertyPath: m_LocalPosition.z
      value: 0.0061397552
      objectReference: {fileID: 0}
    - target: {fileID: 3327021728885829489, guid: f1f2baa8956bf44c5b3014d9c08fab54, type: 3}
      propertyPath: m_LocalRotation.w
      value: 1
      objectReference: {fileID: 0}
    - target: {fileID: 3327021728885829489, guid: f1f2baa8956bf44c5b3014d9c08fab54, type: 3}
      propertyPath: m_LocalRotation.x
      value: 0
      objectReference: {fileID: 0}
    - target: {fileID: 3327021728885829489, guid: f1f2baa8956bf44c5b3014d9c08fab54, type: 3}
      propertyPath: m_LocalRotation.y
      value: 0
      objectReference: {fileID: 0}
    - target: {fileID: 3327021728885829489, guid: f1f2baa8956bf44c5b3014d9c08fab54, type: 3}
      propertyPath: m_LocalRotation.z
      value: 0
      objectReference: {fileID: 0}
    - target: {fileID: 3327021728885829489, guid: f1f2baa8956bf44c5b3014d9c08fab54, type: 3}
      propertyPath: m_LocalEulerAnglesHint.x
      value: 0
      objectReference: {fileID: 0}
    - target: {fileID: 3327021728885829489, guid: f1f2baa8956bf44c5b3014d9c08fab54, type: 3}
      propertyPath: m_LocalEulerAnglesHint.y
      value: 0
      objectReference: {fileID: 0}
    - target: {fileID: 3327021728885829489, guid: f1f2baa8956bf44c5b3014d9c08fab54, type: 3}
      propertyPath: m_LocalEulerAnglesHint.z
      value: 0
      objectReference: {fileID: 0}
    - target: {fileID: 3327021728885829490, guid: f1f2baa8956bf44c5b3014d9c08fab54, type: 3}
      propertyPath: m_Name
      value: Goblin
      objectReference: {fileID: 0}
    - target: {fileID: 3327021730514462761, guid: f1f2baa8956bf44c5b3014d9c08fab54, type: 3}
      propertyPath: m_Name
      value: Enemy Sprite
      objectReference: {fileID: 0}
    - target: {fileID: 5039623922555249794, guid: f1f2baa8956bf44c5b3014d9c08fab54, type: 3}
      propertyPath: player
      value: 
      objectReference: {fileID: 1320796464559630322}
    m_RemovedComponents: []
  m_SourcePrefab: {fileID: 100100000, guid: f1f2baa8956bf44c5b3014d9c08fab54, type: 3}
